%% This BibTeX bibliography file was created using BibDesk.
%% https://bibdesk.sourceforge.io/

%% Created for Oliver Long at 2023-12-27 19:06:13 +0000 


%% Saved with string encoding Unicode (UTF-8) 



@article{SXS:prep,
	author = {Boyle, Michael and others},
	date-added = {2023-12-27 15:09:43 +0000},
	date-modified = {2023-12-27 15:41:54 +0000},
	keywords = {prep},
	title = {{The SXS Collaboration catalog of binary black hole simulations}},
	year = {(in preparation)}}

@article{NREOB:prep,
	author = {\textbf{O. Long} and Pfeiffer, Harald and Buonanno, Alessandra and others},
	date-added = {2023-12-27 14:48:14 +0000},
	date-modified = {2023-12-27 14:48:14 +0000},
	keywords = {prep},
	title = {{Comparing numeric and analytic methods for black hole scattering in unequal mass systems}},
	year = {(in preparation)}}

@article{BHPT:prep,
	author = {Warburton, Niels and others},
	date-added = {2023-12-27 14:37:23 +0000},
	date-modified = {2023-12-27 15:41:49 +0000},
	keywords = {prep},
	title = {{The Black Hole Perturbation Toolkit}},
	year = {(in preparation)}}

@article{Long:2024ltn,
    author = "\textbf{O. Long} and Whittall, Christopher and Barack, Leor",
    title = "{Black hole scattering near the transition to plunge: Self-force and resummation of post-Minkowskian theory}",
    eprint = "2406.08363",
    archivePrefix = "arXiv",
    primaryClass = "gr-qc",
    month = "6",
    year = "2024"
}
	
@article{SFPM2:prep,
	author = {\textbf{O. Long} and Whittall, Christopher},
	date-added = {2023-12-27 14:34:01 +0000},
	date-modified = {2023-12-27 15:41:45 +0000},
	keywords = {prep},
	title = {{Highly accurate self-force calculations for hyperbolic orbits: A frequency/time-domain hybrid model}},
	year = {(in preparation)}}

@article{Long:2021ufh,
	archiveprefix = {arXiv},
	author = {\textbf{O. Long} and Barack, Leor},
	date-added = {2023-12-27 12:44:37 +0000},
	date-modified = {2023-12-27 15:08:56 +0000},
	doi = {10.1103/PhysRevD.104.024014},
	eprint = {2105.05630},
	journal = {Phys. Rev. D},
	keywords = {feature},
	number = {2},
	pages = {024014},
	primaryclass = {gr-qc},
	title = {{Time-domain metric reconstruction for hyperbolic scattering}},
	volume = {104},
	year = {2021},
	bdsk-url-1 = {https://doi.org/10.1103/PhysRevD.104.024014}}

@article{Barack:2022pde,
	archiveprefix = {arXiv},
	author = {Barack, Leor and \textbf{O. Long}},
	date-added = {2023-12-27 12:44:32 +0000},
	date-modified = {2023-12-27 12:46:08 +0000},
	doi = {10.1103/PhysRevD.106.104031},
	eprint = {2209.03740},
	journal = {Phys. Rev. D},
	keywords = {feature},
	number = {10},
	pages = {104031},
	primaryclass = {gr-qc},
	title = {{Self-force correction to the deflection angle in black-hole scattering: A scalar charge toy model}},
	volume = {106},
	year = {2022},
	bdsk-url-1 = {https://doi.org/10.1103/PhysRevD.106.104031}}

@article{Barack:2023oqp,
	archiveprefix = {arXiv},
	author = {Barack, Leor and others},
	date-added = {2023-12-27 12:44:24 +0000},
	date-modified = {2023-12-27 12:46:22 +0000},
	doi = {10.1103/PhysRevD.108.024025},
	eprint = {2304.09200},
	journal = {Phys. Rev. D},
	keywords = {feature},
	number = {2},
	pages = {024025},
	primaryclass = {hep-th},
	title = {{Comparison of post-Minkowskian and self-force expansions: Scattering in a scalar charge toy model}},
	volume = {108},
	year = {2023},
	bdsk-url-1 = {https://doi.org/10.1103/PhysRevD.108.024025}}

@article{DaSilva:2023xif,
	archiveprefix = {arXiv},
	author = {Gomes Da Silva, Lidia J. and Panosso Macedo, Rodrigo and Thompson, Jonathan E. and Valiente Kroon, Juan A and Durkan, Leanne and \textbf{O. Long}},
	date-added = {2023-12-27 12:44:19 +0000},
	date-modified = {2023-12-27 14:41:35 +0000},
	eprint = {2306.13153},
	month = {6},
	primaryclass = {gr-qc},
	title = {{Hyperboloidal discontinuous time-symmetric numerical algorithm with higher order jumps for gravitational self-force computations in the time domain}},
	year = {2023}}

@article{Boschini:2023ryi,
	archiveprefix = {arXiv},
	author = {Boschini, Matteo and others},
	date-added = {2023-12-27 12:43:46 +0000},
	date-modified = {2023-12-27 12:43:46 +0000},
	doi = {10.1103/PhysRevD.108.084015},
	eprint = {2307.03435},
	journal = {Phys. Rev. D},
	number = {8},
	pages = {084015},
	primaryclass = {gr-qc},
	title = {{Extending black-hole remnant surrogate models to extreme mass ratios}},
	volume = {108},
	year = {2023},
	bdsk-url-1 = {https://doi.org/10.1103/PhysRevD.108.084015}}

@article{LISA:2023arg,
	archiveprefix = {arXiv},
	author = {Afshordi, Niaesh and others},
	collaboration = {LISA Consortium Waveform Working Group},
	date-added = {2023-12-27 12:43:39 +0000},
	date-modified = {2023-12-27 12:43:58 +0000},
	eprint = {2311.01300},
	month = {11},
	primaryclass = {gr-qc},
	title = {{Waveform Modelling for the Laser Interferometer Space Antenna}},
	year = {2023}}
